@online{loc_manual,
    author = {{Library of Congress}},
    title = {Metadata Standards and Applications Trainee Manual},
    year = {Year}, % Replace 'Year' with the actual publication year
    url = {URL} % Replace 'URL' with the actual URL
}