@article{baker2022video,
  title={Video PreTraining (VPT): Learning to Act by Watching Unlabeled Online Videos},
  author={Baker, Bowen and Akkaya, Ilge and Zhokhov, Peter and Huizinga, Joost and Tang, Jie and Ecoffet, Adrien and Houghton, Brandon and Sampedro, Raul and Clune, Jeff},
  journal={arXiv preprint arXiv:2206.11795},
  year={2022},
  month={Jun},
  eprint={2206.11795},
  archivePrefix={arXiv},
  primaryClass={cs.LG},
  url={https://arxiv.org/abs/2206.11795},
  doi={10.48550/arXiv.2206.11795}
}

@misc{goodbooks-10k-extended,
  author = {Malcolm Osh},
  title = {Goodbooks-10k-Extended},
  howpublished = {\url{https://github.com/malcolmosh/goodbooks-10k-extended.git}},
  year = {2024},
  note = {Accessed: 2024},
}

@misc{sri_lanka_national_bibliography,
  title = {Sri Lanka National Bibliography},
  author = {{Sri Lanka National Library}},
  year = {2000--2022},
  publisher = {Sri Lanka National Library},
  note = {Accessed: 2023},
}