@misc{yourcitation,
    title = {Subjects: Machine Learning (cs.LG); Artificial Intelligence (cs.AI)},
    howpublished = {arXiv:2206.11795 [cs.LG] or arXiv:2206.11795v1 [cs.LG] for this version},
    url = {https://doi.org/10.48550/arXiv.2206.11795},
    url={https://www.geeksforgeeks.org/how-to-install-and-use-git-in-google-colab/},
    url={https://medium.com/geekculture/using-git-github-on-google-colaboratory-7ef3b76fe61b},
    url={ https://github.com/nlpcuom/English-Tamil-Parallel-Corpus},
 

}